<record><leader>00000cas a22000007a 4500</leader><controlfield tag="001">7190350</controlfield><controlfield tag="008">810304d19801982nmuwr ne      0    0eng d</controlfield><controlfield tag="009">208</controlfield><datafield ind1=" " ind2=" " tag="010"><subfield code="a">sn 93061423 </subfield></datafield><datafield ind1=" " ind2=" " tag="040"><subfield code="a">IQU</subfield><subfield code="b">eng</subfield><subfield code="c">IQU</subfield><subfield code="d">OCL</subfield><subfield code="d">NVM</subfield><subfield code="d">OCLCQ</subfield></datafield><datafield ind1="1" ind2=" " tag="029"><subfield code="a">AU@</subfield><subfield code="b">000025867428</subfield></datafield><datafield ind1=" " ind2=" " tag="042"><subfield code="a">msc</subfield></datafield><datafield ind1=" " ind2=" " tag="043"><subfield code="a">n-us-nm</subfield></datafield><datafield ind1=" " ind2=" " tag="090"><subfield code="a">AN2</subfield><subfield code="b">.H4</subfield></datafield><datafield ind1="0" ind2="0" tag="245"><subfield code="a">Heights outlook Albuquerque.</subfield></datafield><datafield ind1="1" ind2="7" tag="246"><subfield code="a">Heights outlook</subfield></datafield><datafield ind1=" " ind2=" " tag="260"><subfield code="a">Albuquerque, N.M. :</subfield><subfield code="b">Meredith Newspapers</subfield></datafield><datafield ind1=" " ind2=" " tag="300"><subfield code="a">v.</subfield></datafield><datafield ind1="0" ind2=" " tag="362"><subfield code="a">Vol. 1, no. 1 (Oct. 29, 1980)-v. 2, no. 40 (July 28, 1982).</subfield></datafield><datafield ind1=" " ind2="4" tag="651"><subfield code="a">Albuquerque (N.M.)</subfield><subfield code="v">Newspapers.</subfield></datafield><datafield ind1=" " ind2="4" tag="651"><subfield code="a">Bernalillo County (N.M.)</subfield><subfield code="v">Newspapers.</subfield></datafield><datafield ind1="0" ind2="0" tag="780"><subfield code="t">Albuquerque news (Albuquerque, N.M. : 1962)</subfield><subfield code="w">(DLC)sn 93061390</subfield></datafield><datafield ind1="0" ind2="7" tag="785"><subfield code="t">South valley outlook, Albuquerque</subfield></datafield><datafield ind1="0" ind2="7" tag="785"><subfield code="t">Outlook Albuquerque</subfield><subfield code="w">(DLC)sn 93061424</subfield></datafield></record>